@Misc{AvnetMEMS,
	author = "{Avnet}",
	title = "MEMS pressure sensors",
	howpublished = "online",
	year = "2021",
	cited = "!2021-11-10",
	url = "\url{https://www.avnet.com/wps/portal/abacus/solutions/technologies/sensors/pressure-sensors/core-technologies/mems/}",
}

@Misc{PM1003Datasheet,
	author = "{Cubic}",
	title = "Infrared LED Particle Sensor Module",
	howpublished = "online",

	year = "2018",
	cited = "!2021-11-18",
	url = {\url{http://9b54c437a0e032d4eb32-010f1da83de0c62ea8c11f5612b46edb.r27.cf3.rackcdn.com/Cubic_PM1003_DS.pdf}},

}

@Misc{LoRaWAN_pdf,
	author = "{LoRa Alliance}",
	title = "A technical overview of LoRa® and LoRaWAN™",
	howpublished = {online},
	year         = {2020},
	month        = {11},
	cited		 = {!2021-11-19},
	url          = {\href{https://lora-alliance.org/wp-content/uploads/2020/11/what-is-lorawan.pdf}{https://lora-alliance.org/wp-content/uploads/2020/11/what-is-lorawan.pdf}},
}

@misc{TTN_fair_use,
  author       = "{The Things Industries}",
  howpublished = {online},
  title        = {Duty Cycle},
  year         = {2021},
  cited		   = {!2021-11-20},
  url          = "{\url{https://www.thethingsnetwork.org/docs/lorawan/duty-cycle/#fair-use-policy}}",
}

@misc{Sigfox_pokryti,
  author       = "{Sigfox}",
  howpublished = {online},
  title        = {sigfox.cz - Connecting things},
  year         = {2021},
  cited        = {!2021-11-20},
  url          = {\url{https://sigfox.cz/cs}},
}